@misc{stacks-project,
  author       = {The {Stacks project authors}},
  title        = {The Stacks project},
  howpublished = {\url{https://stacks.math.columbia.edu}},
  year         = {2024},
}

@article{conrad2005formal,
  title={Formal GAGA for Artin stacks},
  author={Conrad, Brian},
  journal={preprint},
  year={2005}
}

@book {AmpleSub,
    AUTHOR = {Hartshorne, Robin},
     TITLE = {Ample subvarieties of algebraic varieties},
    SERIES = {Lecture Notes in Mathematics},
    VOLUME = {Vol. 156},
      NOTE = {Notes written in collaboration with C. Musili},
 PUBLISHER = {Springer-Verlag, Berlin-New York},
      YEAR = {1970},
     PAGES = {xiv+256},
   MRCLASS = {14.05},
  MRNUMBER = {282977},
MRREVIEWER = {M.\ Miyanishi},
}

@article {DMSerre,
    AUTHOR = {Levchenko, Denis},
     TITLE = {Serre duality for tame {D}eligne-{M}umford stacks},
   JOURNAL = {Res. Math. Sci.},
  FJOURNAL = {Research in the Mathematical Sciences},
    VOLUME = {9},
      YEAR = {2022},
    NUMBER = {4},
     PAGES = {Paper No. 67, 5},
      ISSN = {2522-0144,2197-9847},
   MRCLASS = {14A20 (14F06)},
  MRNUMBER = {4514209},
MRREVIEWER = {Giulio\ Bresciani},
       DOI = {10.1007/s40687-022-00367-7},
       URL = {https://doi.org/10.1007/s40687-022-00367-7},
}